<?xml version="1.0" encoding="utf-8"?>
<record xmlns="http://www.loc.gov/MARC21/slim" xmlns:xsi="http://www.w3.org/2001/XMLSchema-instance" xsi:schemaLocation="http://www.loc.gov/MARC21/slim http://www.loc.gov/standards/marcxml/schema/MARC21slim.xsd">
	<leader>
		02122nam a2200361   4500
	</leader>
	<controlfield tag="001">
		3007651
	</controlfield>
	<controlfield tag="003">
		NjP
	</controlfield>
	<controlfield tag="006">
		m        d        
	</controlfield>
	<controlfield tag="007">
		cr cn |||m|||a
	</controlfield>
	<controlfield tag="008">
		151222m19541957le      o     000 0 arard
	</controlfield>
	<datafield ind1=" " ind2=" " tag="040">
		<subfield code="a">
			NNU
		</subfield>
		<subfield code="b">
			eng
		</subfield>
		<subfield code="e">
			rda
		</subfield>
		<subfield code="c">
			NNU
		</subfield>
	</datafield>
	<datafield ind1=" " ind2="4" tag="050">
		<subfield code="a">
			PJ7601
		</subfield>
		<subfield code="b">
			.C5
		</subfield>
	</datafield>
	<datafield ind1="1" ind2=" " tag="100">
		<subfield code="6">
			880-01
		</subfield>
		<subfield code="a">
			Cheikho, Louis,
		</subfield>
		<subfield code="d">
			1859-1927.
		</subfield>
	</datafield>
	<datafield ind1="1" ind2="0" tag="245">
		<subfield code="6">
			880-02
		</subfield>
		<subfield code="a">
			Majānī al-adab fī ḥadāʼiq al-ʻArab /
		</subfield>
		<subfield code="c">
			Luys Shiykhū al-Yasūʻ̄.
		</subfield>
	</datafield>
	<datafield ind1=" " ind2=" " tag="260">
		<subfield code="6">
			880-03
		</subfield>
		<subfield code="a">
			Bayrūt :
		</subfield>
		<subfield code="b">
			Maṭbaʻat al-Abāʼ al-Yasūʻʻīn,
		</subfield>
		<subfield code="c">
			[1954-1957]
		</subfield>
	</datafield>
	<datafield ind1=" " ind2=" " tag="300">
		<subfield code="a">
			online resource (6 volumes)
		</subfield>
	</datafield>
	<datafield ind1=" " ind2=" " tag="336">
		<subfield code="a">
			text
		</subfield>
		<subfield code="2">
			rdacontent
		</subfield>
	</datafield>
	<datafield ind1=" " ind2=" " tag="337">
		<subfield code="a">
			computer
		</subfield>
		<subfield code="2">
			rdamedia
		</subfield>
	</datafield>
	<datafield ind1=" " ind2=" " tag="338">
		<subfield code="a">
			online resource
		</subfield>
		<subfield code="2">
			rdacarrier
		</subfield>
	</datafield>
	<datafield ind1=" " ind2=" " tag="500">
		<subfield code="a">
			Part of the Arabic Collections Online (ACO) project, contributed by Princeton University Libraries.
		</subfield>
	</datafield>
	<datafield ind1=" " ind2=" " tag="533">
		<subfield code="a">
			Electronic reproduction.
		</subfield>
		<subfield code="b">
			New York, N.Y. :
		</subfield>
		<subfield code="c">
			New York University,
		</subfield>
		<subfield code="d">
			2015.
		</subfield>
		<subfield code="5">
			NNU
		</subfield>
	</datafield>
	<datafield ind1=" " ind2="0" tag="650">
		<subfield code="a">
			Arabic literature.
		</subfield>
	</datafield>
	<datafield ind1=" " ind2="7" tag="650">
		<subfield code="a">
			Arabic literature.
		</subfield>
		<subfield code="2">
			fast
		</subfield>
		<subfield code="0">
			(OCoLC)fst00812478
		</subfield>
	</datafield>
	<datafield ind1="2" ind2=" " tag="710">
		<subfield code="a">
			Princeton University.
		</subfield>
		<subfield code="b">
			Library.
		</subfield>
	</datafield>
	<datafield ind1="0" ind2=" " tag="730">
		<subfield code="a">
			Arabic Collections Online.
		</subfield>
	</datafield>
	<datafield ind1="0" ind2="8" tag="776">
		<subfield code="i">
			Online version:
		</subfield>
		<subfield code="a">
			Cheikho, Louis, 1859-1927.
		</subfield>
		<subfield code="t">
			Majānī al-adab fī hadāʼiq al-ʻArab.
		</subfield>
		<subfield code="d">
			Bayrūt : Maṭbaʻat al-Abāʼ al-Yasūʻʻīn, [1954-1957]
		</subfield>
		<subfield code="w">
			(OCoLC)580261534
		</subfield>
	</datafield>
	<datafield ind1="0" ind2="8" tag="776">
		<subfield code="i">
			Print version:
		</subfield>
		<subfield code="a">
			Cheikho, Louis, 1859-1927.
		</subfield>
		<subfield code="t">
			Majānī al-adab fī ḥadāʼiq al-ʻArab
		</subfield>
		<subfield code="w">
			(NjP)3007651
		</subfield>
		<subfield code="w">
			(OCoLC)17983880
		</subfield>
	</datafield>
	<datafield ind1="4" ind2="0" tag="856">
		<subfield code="u">
			http://hdl.handle.net/2333.1/3tx9613r
		</subfield>
	</datafield>
	<datafield ind1="1" ind2=" " tag="880">
		<subfield code="6">
			100-01
		</subfield>
		<subfield code="a">
			شيخو، لويس،
		</subfield>
		<subfield code="d">
			1859-1927.
		</subfield>
	</datafield>
	<datafield ind1="1" ind2="0" tag="880">
		<subfield code="6">
			245-02
		</subfield>
		<subfield code="a">
			مجاني الادب في هدائق العرب /
		</subfield>
		<subfield code="c">
			لويس شيخو اليسوعي.
		</subfield>
	</datafield>
	<datafield ind1=" " ind2=" " tag="880">
		<subfield code="6">
			260-03
		</subfield>
		<subfield code="a">
			بيروت :
		</subfield>
		<subfield code="b">
			مطبعة الاباء اليسوعين،
		</subfield>
		<subfield code="c">
			[19541957]
		</subfield>
	</datafield>
	<datafield ind1=" " ind2=" " tag="959">
		<subfield code="a">
			NNU
		</subfield>
		<subfield code="b">
			WEB
		</subfield>
		<subfield code="c">
			GENI
		</subfield>
		<subfield code="t">
			0
		</subfield>
		<subfield code="m">
			Electronic access
		</subfield>
		<subfield code="s">
			01
		</subfield>
	</datafield>
	<datafield ind1=" " ind2=" " tag="999">
		<subfield code="i">
			NjP_3007651
		</subfield>
		<subfield code="o">
			(OCoLC)ocm17983880
		</subfield>
		<subfield code="s">
			princeton_aco000176:vol.1
		</subfield>
		<subfield code="s">
			princeton_aco000177:vol.2
		</subfield>
		<subfield code="s">
			princeton_aco000178:vol.3
		</subfield>
		<subfield code="s">
			princeton_aco000179:vol.4
		</subfield>
		<subfield code="s">
			princeton_aco000180:vol.5
		</subfield>
		<subfield code="s">
			princeton_aco000181:vol.6
		</subfield>
		<subfield code="e">
			(ERROR-880)
		</subfield>
		<subfield code="s">
			princeton_aco000176:vol.1
		</subfield>
		<subfield code="s">
			princeton_aco000177:vol.2
		</subfield>
		<subfield code="s">
			princeton_aco000178:vol.3
		</subfield>
		<subfield code="s">
			princeton_aco000179:vol.4
		</subfield>
		<subfield code="s">
			princeton_aco000180:vol.5
		</subfield>
		<subfield code="s">
			princeton_aco000181:vol.6
		</subfield>
	</datafield>
</record>
